<?xml version="1.0" encoding="UTF-8"?><collection xmlns="http://www.loc.gov/MARC21/slim"><record><leader>00530nam--2200193-i-4500</leader><controlfield tag="001">000028146</controlfield><controlfield tag="002">20161230</controlfield><controlfield tag="005">20161230201037</controlfield><controlfield tag="008">060222s1000------------r-----000-0-eng-d</controlfield><datafield ind1=" " ind2=" " tag="040"><subfield code="a">IFIN-HH</subfield></datafield><datafield ind1=" " ind2=" " tag="080"><subfield code="a">53</subfield></datafield><datafield ind1="1" ind2=" " tag="100"><subfield code="a">Lehrman, Robert L</subfield></datafield><datafield ind1="1" ind2="0" tag="245"><subfield code="a">Foundations of physics</subfield><subfield code="c">Robert l. lehrman, clifford swartz</subfield></datafield><datafield ind1=" " ind2=" " tag="260"><subfield code="a">New York</subfield><subfield code="b">Holt, Rinehart And Winston, Inc</subfield><subfield code="c">1969</subfield></datafield><datafield ind1=" " ind2=" " tag="300"><subfield code="a">X + 758P</subfield></datafield><datafield ind1=" " ind2=" " tag="490"><subfield code="a">The Holt Physics Program</subfield></datafield><datafield ind1="1" ind2=" " tag="700"><subfield code="a">Swartz, Clifford E</subfield></datafield><datafield ind1=" " ind2=" " tag="852"><subfield code="a">36416</subfield><subfield code="c">53</subfield></datafield><datafield ind1=" " ind2=" " tag="CAT"><subfield code="a">Sys</subfield><subfield code="c">20150311</subfield><subfield code="h">115038</subfield></datafield></record></collection>